% Books
@BOOK{Steyer:2018,
	AUTHOR       = "Ralph Steyer",
	TITLE        = "{Programmierung in Python: Ein kompakter Einstieg für die Praxis}",
	SERIES       = {1. Auflage},
	PUBLISHER    = "Springer Nature",
	YEAR         = "2018",
	ADDRESS      = "Wiesbaden"
}

@BOOK{Häberlein:2024,
	AUTHOR       = "Tobias Häberlein",
	TITLE        = "{Programmierung mit Python: Eine Einführung in die Prozedurale, Objektorientierte und Funktionale Programmierung}",
	SERIES       = {1. Auflage},
	PUBLISHER    = "Springer Nature",
	YEAR         = "2024",
	ADDRESS      = "Berlin"
}

@BOOK{VanderPlas:2023,
	AUTHOR       = "Jake VanderPlas",
	TITLE        = "{Python Data Science Handbook}",
	SERIES       = {2. Auflage},
	PUBLISHER    = "O'Reilly Media",
	YEAR         = "2023",
	ADDRESS      = "Sebastopol, Calif."
}

@BOOK{Lahres:2021,
	AUTHOR       = "Bernhard Lahres and Gregor Rayman and Stefan Strich",
	TITLE        = "{Objektorientierte Programmierung: Das umfassende Handbuch}",
	SERIES       = {5. Auflage},
	PUBLISHER    = "Reihnwerk Verlag",
	YEAR         = "2021",
	ADDRESS      = "Bonn"
}

@BOOK{Nelli:2023,
	AUTHOR       = "Fabio Nelli",
	TITLE        = "{Python Data Analytics : With Pandas, NumPy, and Matplotlib}",
	SERIES       = {2. Auflage},
	PUBLISHER    = " Apress L. P.",
	YEAR         = "2023",
	ADDRESS      = "ProQuest Ebook Central"
}

@BOOK{Geron:2022,
	AUTHOR       = "{G\'{e}ron Aur\'{e}lien}",
	TITLE        = "{Praxiseinstieg Machine Learning mit Scikit-Learn, Keras und TensorFlow : Konzepte, Tools und Techniken für intelligente Systeme}",
	SERIES       = {2. Auflage},
	PUBLISHER    = "O'Reilly Media",
	YEAR         = "2022",
	ADDRESS      = "Sebastopol, Calif"
}

@BOOK{Pajankar:2022,
	AUTHOR       = "Ashwin Pajankar",
	TITLE        = "{Python Unit Test Automation - Automate, Organize, and Execute Unit Tests in Python}",
	SERIES       = {2. Auflage},
	PUBLISHER    = "Apress",
	YEAR         = "2022",
	ADDRESS      = "ProQuest Ebook Central"
}

@BOOK{Loeliger:2012,
	AUTHOR       = "Jon Loeliger",
	TITLE        = "{Version control with Git}",
	SERIES       = {2. Auflage},
	PUBLISHER    = "O'Reilly Media",
	YEAR         = "2012",
	ADDRESS      = "Sebastopol, Calif."
}

@BOOK{Mueller:2017,
	AUTHOR       = "Andreas Müller and Sarah Guido",
	TITLE        = "{Einführung in Machine Learning mit Python : Praxiswissen Data Science}",
	SERIES       = {1. Auflage},
	PUBLISHER    = "O'Reilly Media",
	YEAR         = "2017",
	ADDRESS      = "Sebastopol, Calif."
}

@BOOK{Russell:2019,
	AUTHOR       = "Matthew Russel and Mikhail Klassen",
	TITLE        = "{Mining the Social Web : Data Mining Facebook, Twitter, LinkedIn, Instagram, GitHub, and More}",
	SERIES       = {2. Auflage},
	PUBLISHER    = "O'Reilly Media",
	YEAR         = "2019",
	ADDRESS      = "Sebastopol, Calif."
}

@BOOK{McKinney:2023,
	AUTHOR       = "Wes McKinney",
	TITLE        = "{Datenanlyse mit Python: Auswertung von Daten mit Pandas, NumPy und Jupiter}",
	SERIES       = {3. Auflage},
	PUBLISHER    = "O'Reilly Media",
	YEAR         = "2019",
	ADDRESS      = "Sebastopol, Calif."
}

@BOOK{Campesato:2023,
	AUTHOR       = "Oswald Campesato",
	TITLE        = "{Python Tools for Data Scientists - Pocket Primer}",
	SERIES       = {3. Auflage},
	PUBLISHER    = "Mercury Learning and Information",
	YEAR         = "2023",
	ADDRESS      = "Dulles."
}

@BOOK{Taylor:2023,
	AUTHOR       = "Allen G. Tylor",
	TITLE        = "{SQL All-In-One for Dummies}",
	SERIES       = {3. Auflage},
	PUBLISHER    = "John Wiley and Sons, Incorporated",
	YEAR         = "2023",
	ADDRESS      = ""
}
% Webseiten
@MISC{Boekeh,
	AUTHOR       = "Bokeh",
	TITLE        = "{Bokeh documentation}",
	YEAR 		   = "2024",
	NOTE         = "(URL: \url{https://docs.bokeh.org/en/latest/} [last access: \germandate\today])."
}

@MISC{NumPy,
	AUTHOR       = "NumPy",
	TITLE        = "{NumPy documentation}",
	YEAR 		   = "2024",
	NOTE         = "(URL: \url{https://numpy.org/devdocs/} [last access: \germandate\today])."
}
